%YAML 1.1
%TAG !u! tag:unity3d.com,2011:
--- !u!1 &1942079757963997530
GameObject:
  m_ObjectHideFlags: 0
  m_CorrespondingSourceObject: {fileID: 0}
  m_PrefabInstance: {fileID: 0}
  m_PrefabAsset: {fileID: 0}
  serializedVersion: 6
  m_Component:
  - component: {fileID: 1942079757963997529}
  - component: {fileID: 1942079757963997535}
  - component: {fileID: 1942079757963997528}
  m_Layer: 5
  m_Name: Button_Play3Frame
  m_TagString: Untagged
  m_Icon: {fileID: 0}
  m_NavMeshLayer: 0
  m_StaticEditorFlags: 0
  m_IsActive: 1
--- !u!224 &1942079757963997529
RectTransform:
  m_ObjectHideFlags: 0
  m_CorrespondingSourceObject: {fileID: 0}
  m_PrefabInstance: {fileID: 0}
  m_PrefabAsset: {fileID: 0}
  m_GameObject: {fileID: 1942079757963997530}
  m_LocalRotation: {x: -0, y: -0, z: -0, w: 1}
  m_LocalPosition: {x: 0, y: 0, z: 0}
  m_LocalScale: {x: 1, y: 1, z: 1}
  m_ConstrainProportionsScale: 0
  m_Children: []
  m_Father: {fileID: 1942079758662827256}
  m_RootOrder: 0
  m_LocalEulerAnglesHint: {x: 0, y: 0, z: 0}
  m_AnchorMin: {x: 0.5, y: 0.5}
  m_AnchorMax: {x: 0.5, y: 0.5}
  m_AnchoredPosition: {x: 0.000061035156, y: -4}
  m_SizeDelta: {x: 126, y: 134}
  m_Pivot: {x: 0.5, y: 0.5}
--- !u!222 &1942079757963997535
CanvasRenderer:
  m_ObjectHideFlags: 0
  m_CorrespondingSourceObject: {fileID: 0}
  m_PrefabInstance: {fileID: 0}
  m_PrefabAsset: {fileID: 0}
  m_GameObject: {fileID: 1942079757963997530}
  m_CullTransparentMesh: 0
--- !u!114 &1942079757963997528
MonoBehaviour:
  m_ObjectHideFlags: 0
  m_CorrespondingSourceObject: {fileID: 0}
  m_PrefabInstance: {fileID: 0}
  m_PrefabAsset: {fileID: 0}
  m_GameObject: {fileID: 1942079757963997530}
  m_Enabled: 1
  m_EditorHideFlags: 0
  m_Script: {fileID: 11500000, guid: fe87c0e1cc204ed48ad3b37840f39efc, type: 3}
  m_Name: 
  m_EditorClassIdentifier: 
  m_Material: {fileID: 0}
  m_Color: {r: 1, g: 1, b: 1, a: 1}
  m_RaycastTarget: 1
  m_RaycastPadding: {x: 0, y: 0, z: 0, w: 0}
  m_Maskable: 1
  m_OnCullStateChanged:
    m_PersistentCalls:
      m_Calls: []
  m_Sprite: {fileID: 21300000, guid: 8405decd9e8ee43eea107eab60bfb5fb, type: 3}
  m_Type: 0
  m_PreserveAspect: 0
  m_FillCenter: 1
  m_FillMethod: 4
  m_FillAmount: 1
  m_FillClockwise: 1
  m_FillOrigin: 0
  m_UseSpriteMesh: 0
  m_PixelsPerUnitMultiplier: 1
--- !u!1 &1942079758083697765
GameObject:
  m_ObjectHideFlags: 0
  m_CorrespondingSourceObject: {fileID: 0}
  m_PrefabInstance: {fileID: 0}
  m_PrefabAsset: {fileID: 0}
  serializedVersion: 6
  m_Component:
  - component: {fileID: 1942079758083697764}
  - component: {fileID: 1942079758083697786}
  - component: {fileID: 1942079758083697787}
  - component: {fileID: 1942079758083697785}
  m_Layer: 5
  m_Name: FPS
  m_TagString: Untagged
  m_Icon: {fileID: 0}
  m_NavMeshLayer: 0
  m_StaticEditorFlags: 0
  m_IsActive: 1
--- !u!224 &1942079758083697764
RectTransform:
  m_ObjectHideFlags: 0
  m_CorrespondingSourceObject: {fileID: 0}
  m_PrefabInstance: {fileID: 0}
  m_PrefabAsset: {fileID: 0}
  m_GameObject: {fileID: 1942079758083697765}
  m_LocalRotation: {x: -0, y: -0, z: -0, w: 1}
  m_LocalPosition: {x: 0, y: 0, z: 0}
  m_LocalScale: {x: 1.4492754, y: 1.4492754, z: 1.4492754}
  m_ConstrainProportionsScale: 0
  m_Children: []
  m_Father: {fileID: 1782115064970599325}
  m_RootOrder: 4
  m_LocalEulerAnglesHint: {x: 0, y: 0, z: 0}
  m_AnchorMin: {x: 0.5, y: 0.5}
  m_AnchorMax: {x: 0.5, y: 0.5}
  m_AnchoredPosition: {x: -699.44, y: 384}
  m_SizeDelta: {x: 93.127, y: 30.2263}
  m_Pivot: {x: 0.5, y: 0.5}
--- !u!222 &1942079758083697786
CanvasRenderer:
  m_ObjectHideFlags: 0
  m_CorrespondingSourceObject: {fileID: 0}
  m_PrefabInstance: {fileID: 0}
  m_PrefabAsset: {fileID: 0}
  m_GameObject: {fileID: 1942079758083697765}
  m_CullTransparentMesh: 1
--- !u!114 &1942079758083697787
MonoBehaviour:
  m_ObjectHideFlags: 0
  m_CorrespondingSourceObject: {fileID: 0}
  m_PrefabInstance: {fileID: 0}
  m_PrefabAsset: {fileID: 0}
  m_GameObject: {fileID: 1942079758083697765}
  m_Enabled: 1
  m_EditorHideFlags: 0
  m_Script: {fileID: 11500000, guid: f4688fdb7df04437aeb418b961361dc5, type: 3}
  m_Name: 
  m_EditorClassIdentifier: 
  m_Material: {fileID: 0}
  m_Color: {r: 1, g: 1, b: 1, a: 1}
  m_RaycastTarget: 1
  m_RaycastPadding: {x: 0, y: 0, z: 0, w: 0}
  m_Maskable: 1
  m_OnCullStateChanged:
    m_PersistentCalls:
      m_Calls: []
  m_text: FPS
  m_isRightToLeft: 0
  m_fontAsset: {fileID: 11400000, guid: 8f586378b4e144a9851e7b34d9b748ee, type: 2}
  m_sharedMaterial: {fileID: 2180264, guid: 8f586378b4e144a9851e7b34d9b748ee, type: 2}
  m_fontSharedMaterials: []
  m_fontMaterial: {fileID: 0}
  m_fontMaterials: []
  m_fontColor32:
    serializedVersion: 2
    rgba: 4294967295
  m_fontColor: {r: 1, g: 1, b: 1, a: 1}
  m_enableVertexGradient: 0
  m_colorMode: 3
  m_fontColorGradient:
    topLeft: {r: 1, g: 1, b: 1, a: 1}
    topRight: {r: 1, g: 1, b: 1, a: 1}
    bottomLeft: {r: 1, g: 1, b: 1, a: 1}
    bottomRight: {r: 1, g: 1, b: 1, a: 1}
  m_fontColorGradientPreset: {fileID: 0}
  m_spriteAsset: {fileID: 0}
  m_tintAllSprites: 0
  m_StyleSheet: {fileID: 0}
  m_TextStyleHashCode: -1183493901
  m_overrideHtmlColors: 0
  m_faceColor:
    serializedVersion: 2
    rgba: 4294967295
  m_fontSize: 21.3
  m_fontSizeBase: 21.3
  m_fontWeight: 400
  m_enableAutoSizing: 0
  m_fontSizeMin: 18
  m_fontSizeMax: 72
  m_fontStyle: 0
  m_HorizontalAlignment: 1
  m_VerticalAlignment: 512
  m_textAlignment: 65535
  m_characterSpacing: 0
  m_wordSpacing: 0
  m_lineSpacing: 0
  m_lineSpacingMax: 0
  m_paragraphSpacing: 0
  m_charWidthMaxAdj: 0
  m_enableWordWrapping: 1
  m_wordWrappingRatios: 0.4
  m_overflowMode: 0
  m_linkedTextComponent: {fileID: 0}
  parentLinkedComponent: {fileID: 0}
  m_enableKerning: 1
  m_enableExtraPadding: 0
  checkPaddingRequired: 0
  m_isRichText: 1
  m_parseCtrlCharacters: 1
  m_isOrthographic: 1
  m_isCullingEnabled: 0
  m_horizontalMapping: 0
  m_verticalMapping: 0
  m_uvLineOffset: 0
  m_geometrySortingOrder: 0
  m_IsTextObjectScaleStatic: 0
  m_VertexBufferAutoSizeReduction: 0
  m_useMaxVisibleDescender: 1
  m_pageToDisplay: 1
  m_margin: {x: 0, y: 0, z: 0, w: 0}
  m_isUsingLegacyAnimationComponent: 0
  m_isVolumetricText: 0
  m_hasFontAssetChanged: 0
  m_baseMaterial: {fileID: 0}
  m_maskOffset: {x: 0, y: 0, z: 0, w: 0}
--- !u!114 &1942079758083697785
MonoBehaviour:
  m_ObjectHideFlags: 0
  m_CorrespondingSourceObject: {fileID: 0}
  m_PrefabInstance: {fileID: 0}
  m_PrefabAsset: {fileID: 0}
  m_GameObject: {fileID: 1942079758083697765}
  m_Enabled: 1
  m_EditorHideFlags: 0
  m_Script: {fileID: 11500000, guid: bdd789ad02fe93046af2f1d17e210315, type: 3}
  m_Name: 
  m_EditorClassIdentifier: 
  fpsDisplay: {fileID: 1942079758083697787}
--- !u!1 &1942079758662827257
GameObject:
  m_ObjectHideFlags: 0
  m_CorrespondingSourceObject: {fileID: 0}
  m_PrefabInstance: {fileID: 0}
  m_PrefabAsset: {fileID: 0}
  serializedVersion: 6
  m_Component:
  - component: {fileID: 1942079758662827256}
  - component: {fileID: 1942079758662827261}
  - component: {fileID: 1942079758662827262}
  - component: {fileID: 1942079758662827263}
  m_Layer: 5
  m_Name: WalletConnect
  m_TagString: Untagged
  m_Icon: {fileID: 0}
  m_NavMeshLayer: 0
  m_StaticEditorFlags: 0
  m_IsActive: 1
--- !u!224 &1942079758662827256
RectTransform:
  m_ObjectHideFlags: 0
  m_CorrespondingSourceObject: {fileID: 0}
  m_PrefabInstance: {fileID: 0}
  m_PrefabAsset: {fileID: 0}
  m_GameObject: {fileID: 1942079758662827257}
  m_LocalRotation: {x: -0, y: -0, z: -0, w: 1}
  m_LocalPosition: {x: 0, y: 0, z: 0}
  m_LocalScale: {x: 0.5720682, y: 0.5720682, z: 1.1441364}
  m_ConstrainProportionsScale: 0
  m_Children:
  - {fileID: 1942079757963997529}
  - {fileID: 1942079758927808343}
  m_Father: {fileID: 1782115064970599325}
  m_RootOrder: 5
  m_LocalEulerAnglesHint: {x: 0, y: 0, z: 0}
  m_AnchorMin: {x: 0.5, y: 0.5}
  m_AnchorMax: {x: 0.5, y: 0.5}
  m_AnchoredPosition: {x: 690.99994, y: 384}
  m_SizeDelta: {x: 116, y: 116}
  m_Pivot: {x: 0.5, y: 0.5}
--- !u!222 &1942079758662827261
CanvasRenderer:
  m_ObjectHideFlags: 0
  m_CorrespondingSourceObject: {fileID: 0}
  m_PrefabInstance: {fileID: 0}
  m_PrefabAsset: {fileID: 0}
  m_GameObject: {fileID: 1942079758662827257}
  m_CullTransparentMesh: 0
--- !u!114 &1942079758662827262
MonoBehaviour:
  m_ObjectHideFlags: 0
  m_CorrespondingSourceObject: {fileID: 0}
  m_PrefabInstance: {fileID: 0}
  m_PrefabAsset: {fileID: 0}
  m_GameObject: {fileID: 1942079758662827257}
  m_Enabled: 1
  m_EditorHideFlags: 0
  m_Script: {fileID: 11500000, guid: fe87c0e1cc204ed48ad3b37840f39efc, type: 3}
  m_Name: 
  m_EditorClassIdentifier: 
  m_Material: {fileID: 0}
  m_Color: {r: 1, g: 1, b: 1, a: 1}
  m_RaycastTarget: 1
  m_RaycastPadding: {x: 0, y: 0, z: 0, w: 0}
  m_Maskable: 1
  m_OnCullStateChanged:
    m_PersistentCalls:
      m_Calls: []
  m_Sprite: {fileID: 21300000, guid: c2e80cf88cd254a9cb9e603fa0515846, type: 3}
  m_Type: 0
  m_PreserveAspect: 0
  m_FillCenter: 1
  m_FillMethod: 4
  m_FillAmount: 1
  m_FillClockwise: 1
  m_FillOrigin: 0
  m_UseSpriteMesh: 0
  m_PixelsPerUnitMultiplier: 1
--- !u!114 &1942079758662827263
MonoBehaviour:
  m_ObjectHideFlags: 0
  m_CorrespondingSourceObject: {fileID: 0}
  m_PrefabInstance: {fileID: 0}
  m_PrefabAsset: {fileID: 0}
  m_GameObject: {fileID: 1942079758662827257}
  m_Enabled: 1
  m_EditorHideFlags: 0
  m_Script: {fileID: 11500000, guid: 4e29b1a8efbd4b44bb3f3716e73f07ff, type: 3}
  m_Name: 
  m_EditorClassIdentifier: 
  m_Navigation:
    m_Mode: 3
    m_WrapAround: 0
    m_SelectOnUp: {fileID: 0}
    m_SelectOnDown: {fileID: 0}
    m_SelectOnLeft: {fileID: 0}
    m_SelectOnRight: {fileID: 0}
  m_Transition: 1
  m_Colors:
    m_NormalColor: {r: 1, g: 1, b: 1, a: 1}
    m_HighlightedColor: {r: 0.9607843, g: 0.9607843, b: 0.9607843, a: 1}
    m_PressedColor: {r: 0.78431374, g: 0.78431374, b: 0.78431374, a: 1}
    m_SelectedColor: {r: 0.9607843, g: 0.9607843, b: 0.9607843, a: 1}
    m_DisabledColor: {r: 0.78431374, g: 0.78431374, b: 0.78431374, a: 0.5019608}
    m_ColorMultiplier: 1
    m_FadeDuration: 0.1
  m_SpriteState:
    m_HighlightedSprite: {fileID: 0}
    m_PressedSprite: {fileID: 0}
    m_SelectedSprite: {fileID: 0}
    m_DisabledSprite: {fileID: 0}
  m_AnimationTriggers:
    m_NormalTrigger: Normal
    m_HighlightedTrigger: Highlighted
    m_PressedTrigger: Pressed
    m_SelectedTrigger: Selected
    m_DisabledTrigger: Disabled
  m_Interactable: 1
  m_TargetGraphic: {fileID: 1942079758662827262}
  m_OnClick:
    m_PersistentCalls:
      m_Calls:
      - m_Target: {fileID: 0}
        m_TargetAssemblyTypeName: MoralisUIManager, Assembly-CSharp
        m_MethodName: onButtonClick
        m_Mode: 1
        m_Arguments:
          m_ObjectArgument: {fileID: 0}
          m_ObjectArgumentAssemblyTypeName: UnityEngine.Object, UnityEngine
          m_IntArgument: 0
          m_FloatArgument: 0
          m_StringArgument: 
          m_BoolArgument: 0
        m_CallState: 2
--- !u!1 &1942079758927808336
GameObject:
  m_ObjectHideFlags: 0
  m_CorrespondingSourceObject: {fileID: 0}
  m_PrefabInstance: {fileID: 0}
  m_PrefabAsset: {fileID: 0}
  serializedVersion: 6
  m_Component:
  - component: {fileID: 1942079758927808343}
  - component: {fileID: 1942079758927808341}
  - component: {fileID: 1942079758927808342}
  m_Layer: 5
  m_Name: Icon
  m_TagString: Untagged
  m_Icon: {fileID: 0}
  m_NavMeshLayer: 0
  m_StaticEditorFlags: 0
  m_IsActive: 1
--- !u!224 &1942079758927808343
RectTransform:
  m_ObjectHideFlags: 0
  m_CorrespondingSourceObject: {fileID: 0}
  m_PrefabInstance: {fileID: 0}
  m_PrefabAsset: {fileID: 0}
  m_GameObject: {fileID: 1942079758927808336}
  m_LocalRotation: {x: 0, y: 0, z: 0, w: 1}
  m_LocalPosition: {x: 0, y: 0, z: 0}
  m_LocalScale: {x: 0.6641, y: 0.6641, z: 0.6641}
  m_ConstrainProportionsScale: 0
  m_Children: []
  m_Father: {fileID: 1942079758662827256}
  m_RootOrder: 1
  m_LocalEulerAnglesHint: {x: 0, y: 0, z: 0}
  m_AnchorMin: {x: 0.5, y: 0.5}
  m_AnchorMax: {x: 0.5, y: 0.5}
  m_AnchoredPosition: {x: 0, y: 0}
  m_SizeDelta: {x: 65, y: 75}
  m_Pivot: {x: 0.5, y: 0.5}
--- !u!222 &1942079758927808341
CanvasRenderer:
  m_ObjectHideFlags: 0
  m_CorrespondingSourceObject: {fileID: 0}
  m_PrefabInstance: {fileID: 0}
  m_PrefabAsset: {fileID: 0}
  m_GameObject: {fileID: 1942079758927808336}
  m_CullTransparentMesh: 0
--- !u!114 &1942079758927808342
MonoBehaviour:
  m_ObjectHideFlags: 0
  m_CorrespondingSourceObject: {fileID: 0}
  m_PrefabInstance: {fileID: 0}
  m_PrefabAsset: {fileID: 0}
  m_GameObject: {fileID: 1942079758927808336}
  m_Enabled: 1
  m_EditorHideFlags: 0
  m_Script: {fileID: 11500000, guid: fe87c0e1cc204ed48ad3b37840f39efc, type: 3}
  m_Name: 
  m_EditorClassIdentifier: 
  m_Material: {fileID: 0}
  m_Color: {r: 0.89411765, g: 0.9529412, b: 1, a: 1}
  m_RaycastTarget: 1
  m_RaycastPadding: {x: 0, y: 0, z: 0, w: 0}
  m_Maskable: 1
  m_OnCullStateChanged:
    m_PersistentCalls:
      m_Calls: []
  m_Sprite: {fileID: 21300000, guid: 0bd9c25f7b22f4431a40c10c4e9d7044, type: 3}
  m_Type: 0
  m_PreserveAspect: 0
  m_FillCenter: 1
  m_FillMethod: 4
  m_FillAmount: 1
  m_FillClockwise: 1
  m_FillOrigin: 0
  m_UseSpriteMesh: 0
  m_PixelsPerUnitMultiplier: 1
--- !u!1 &3710867255999080483
GameObject:
  m_ObjectHideFlags: 0
  m_CorrespondingSourceObject: {fileID: 0}
  m_PrefabInstance: {fileID: 0}
  m_PrefabAsset: {fileID: 0}
  serializedVersion: 6
  m_Component:
  - component: {fileID: 9130657669396721829}
  - component: {fileID: 3017956361608072270}
  - component: {fileID: 4191686166642516951}
  - component: {fileID: 5471354845217594306}
  m_Layer: 5
  m_Name: Start_Game_Button
  m_TagString: Untagged
  m_Icon: {fileID: 0}
  m_NavMeshLayer: 0
  m_StaticEditorFlags: 0
  m_IsActive: 0
--- !u!224 &9130657669396721829
RectTransform:
  m_ObjectHideFlags: 0
  m_CorrespondingSourceObject: {fileID: 0}
  m_PrefabInstance: {fileID: 0}
  m_PrefabAsset: {fileID: 0}
  m_GameObject: {fileID: 3710867255999080483}
  m_LocalRotation: {x: -0, y: -0, z: -0, w: 1}
  m_LocalPosition: {x: 0, y: 0, z: 0}
  m_LocalScale: {x: 0.5797102, y: 0.5797102, z: 1.4492754}
  m_ConstrainProportionsScale: 0
  m_Children:
  - {fileID: 2288411715562076630}
  m_Father: {fileID: 1782115064970599325}
  m_RootOrder: 6
  m_LocalEulerAnglesHint: {x: 0, y: 0, z: 0}
  m_AnchorMin: {x: 0.5, y: 0.5}
  m_AnchorMax: {x: 0.5, y: 0.5}
  m_AnchoredPosition: {x: -699.44, y: 95.5}
  m_SizeDelta: {x: 180, y: 191}
  m_Pivot: {x: 0.5, y: 0.5}
--- !u!222 &3017956361608072270
CanvasRenderer:
  m_ObjectHideFlags: 0
  m_CorrespondingSourceObject: {fileID: 0}
  m_PrefabInstance: {fileID: 0}
  m_PrefabAsset: {fileID: 0}
  m_GameObject: {fileID: 3710867255999080483}
  m_CullTransparentMesh: 0
--- !u!114 &4191686166642516951
MonoBehaviour:
  m_ObjectHideFlags: 0
  m_CorrespondingSourceObject: {fileID: 0}
  m_PrefabInstance: {fileID: 0}
  m_PrefabAsset: {fileID: 0}
  m_GameObject: {fileID: 3710867255999080483}
  m_Enabled: 1
  m_EditorHideFlags: 0
  m_Script: {fileID: 11500000, guid: fe87c0e1cc204ed48ad3b37840f39efc, type: 3}
  m_Name: 
  m_EditorClassIdentifier: 
  m_Material: {fileID: 0}
  m_Color: {r: 1, g: 1, b: 1, a: 1}
  m_RaycastTarget: 1
  m_RaycastPadding: {x: 0, y: 0, z: 0, w: 0}
  m_Maskable: 1
  m_OnCullStateChanged:
    m_PersistentCalls:
      m_Calls: []
  m_Sprite: {fileID: 21300000, guid: c63f6bd29cbfd4a97966b21fb24c2ceb, type: 3}
  m_Type: 0
  m_PreserveAspect: 0
  m_FillCenter: 1
  m_FillMethod: 4
  m_FillAmount: 1
  m_FillClockwise: 1
  m_FillOrigin: 0
  m_UseSpriteMesh: 0
  m_PixelsPerUnitMultiplier: 1
--- !u!114 &5471354845217594306
MonoBehaviour:
  m_ObjectHideFlags: 0
  m_CorrespondingSourceObject: {fileID: 0}
  m_PrefabInstance: {fileID: 0}
  m_PrefabAsset: {fileID: 0}
  m_GameObject: {fileID: 3710867255999080483}
  m_Enabled: 1
  m_EditorHideFlags: 0
  m_Script: {fileID: 11500000, guid: 4e29b1a8efbd4b44bb3f3716e73f07ff, type: 3}
  m_Name: 
  m_EditorClassIdentifier: 
  m_Navigation:
    m_Mode: 3
    m_WrapAround: 0
    m_SelectOnUp: {fileID: 0}
    m_SelectOnDown: {fileID: 0}
    m_SelectOnLeft: {fileID: 0}
    m_SelectOnRight: {fileID: 0}
  m_Transition: 1
  m_Colors:
    m_NormalColor: {r: 1, g: 1, b: 1, a: 1}
    m_HighlightedColor: {r: 0.9607843, g: 0.9607843, b: 0.9607843, a: 1}
    m_PressedColor: {r: 0.78431374, g: 0.78431374, b: 0.78431374, a: 1}
    m_SelectedColor: {r: 0.9607843, g: 0.9607843, b: 0.9607843, a: 1}
    m_DisabledColor: {r: 0.78431374, g: 0.78431374, b: 0.78431374, a: 0.5019608}
    m_ColorMultiplier: 1
    m_FadeDuration: 0.1
  m_SpriteState:
    m_HighlightedSprite: {fileID: 0}
    m_PressedSprite: {fileID: 0}
    m_SelectedSprite: {fileID: 0}
    m_DisabledSprite: {fileID: 0}
  m_AnimationTriggers:
    m_NormalTrigger: Normal
    m_HighlightedTrigger: Highlighted
    m_PressedTrigger: Pressed
    m_SelectedTrigger: Selected
    m_DisabledTrigger: Disabled
  m_Interactable: 1
  m_TargetGraphic: {fileID: 4191686166642516951}
  m_OnClick:
    m_PersistentCalls:
      m_Calls:
      - m_Target: {fileID: 0}
        m_TargetAssemblyTypeName: EnterSinglePlayerChessGame, Assembly-CSharp
        m_MethodName: ChangeScene
        m_Mode: 1
        m_Arguments:
          m_ObjectArgument: {fileID: 0}
          m_ObjectArgumentAssemblyTypeName: UnityEngine.Object, UnityEngine
          m_IntArgument: 0
          m_FloatArgument: 0
          m_StringArgument: 
          m_BoolArgument: 0
        m_CallState: 2
--- !u!1 &5566599532468518803
GameObject:
  m_ObjectHideFlags: 0
  m_CorrespondingSourceObject: {fileID: 0}
  m_PrefabInstance: {fileID: 0}
  m_PrefabAsset: {fileID: 0}
  serializedVersion: 6
  m_Component:
  - component: {fileID: 1782115064970599325}
  - component: {fileID: 5222756955863848252}
  - component: {fileID: 5263440106154622892}
  - component: {fileID: 390693378604087338}
  - component: {fileID: 1220837211704633209}
  - component: {fileID: 7751583654863582947}
  m_Layer: 5
  m_Name: UI_Canvas_StarterAssetsInputs_Joysticks
  m_TagString: Untagged
  m_Icon: {fileID: 0}
  m_NavMeshLayer: 0
  m_StaticEditorFlags: 0
  m_IsActive: 0
--- !u!224 &1782115064970599325
RectTransform:
  m_ObjectHideFlags: 0
  m_CorrespondingSourceObject: {fileID: 0}
  m_PrefabInstance: {fileID: 0}
  m_PrefabAsset: {fileID: 0}
  m_GameObject: {fileID: 5566599532468518803}
  m_LocalRotation: {x: 0, y: 0, z: 0, w: 1}
  m_LocalPosition: {x: 0, y: 0, z: 0}
  m_LocalScale: {x: 0, y: 0, z: 0}
  m_ConstrainProportionsScale: 0
  m_Children:
  - {fileID: 5893971189805998703}
  - {fileID: 7047915265205668846}
  - {fileID: 1372904314045573611}
  - {fileID: 7621806328581332713}
  - {fileID: 1942079758083697764}
  - {fileID: 1942079758662827256}
  - {fileID: 9130657669396721829}
  - {fileID: 6921111537887988518}
  m_Father: {fileID: 0}
  m_RootOrder: 0
  m_LocalEulerAnglesHint: {x: 0, y: 0, z: 0}
  m_AnchorMin: {x: 0, y: 0}
  m_AnchorMax: {x: 0, y: 0}
  m_AnchoredPosition: {x: 0, y: 0}
  m_SizeDelta: {x: 0, y: 0}
  m_Pivot: {x: 0, y: 0}
--- !u!223 &5222756955863848252
Canvas:
  m_ObjectHideFlags: 0
  m_CorrespondingSourceObject: {fileID: 0}
  m_PrefabInstance: {fileID: 0}
  m_PrefabAsset: {fileID: 0}
  m_GameObject: {fileID: 5566599532468518803}
  m_Enabled: 1
  serializedVersion: 3
  m_RenderMode: 0
  m_Camera: {fileID: 0}
  m_PlaneDistance: 100
  m_PixelPerfect: 0
  m_ReceivesEvents: 1
  m_OverrideSorting: 0
  m_OverridePixelPerfect: 0
  m_SortingBucketNormalizedSize: 0
  m_AdditionalShaderChannelsFlag: 25
  m_SortingLayerID: 0
  m_SortingOrder: 0
  m_TargetDisplay: 0
--- !u!114 &5263440106154622892
MonoBehaviour:
  m_ObjectHideFlags: 0
  m_CorrespondingSourceObject: {fileID: 0}
  m_PrefabInstance: {fileID: 0}
  m_PrefabAsset: {fileID: 0}
  m_GameObject: {fileID: 5566599532468518803}
  m_Enabled: 1
  m_EditorHideFlags: 0
  m_Script: {fileID: 11500000, guid: 0cd44c1031e13a943bb63640046fad76, type: 3}
  m_Name: 
  m_EditorClassIdentifier: 
  m_UiScaleMode: 1
  m_ReferencePixelsPerUnit: 100
  m_ScaleFactor: 1
  m_ReferenceResolution: {x: 1600, y: 900}
  m_ScreenMatchMode: 0
  m_MatchWidthOrHeight: 0
  m_PhysicalUnit: 3
  m_FallbackScreenDPI: 96
  m_DefaultSpriteDPI: 96
  m_DynamicPixelsPerUnit: 1
  m_PresetInfoIsWorld: 0
--- !u!114 &390693378604087338
MonoBehaviour:
  m_ObjectHideFlags: 0
  m_CorrespondingSourceObject: {fileID: 0}
  m_PrefabInstance: {fileID: 0}
  m_PrefabAsset: {fileID: 0}
  m_GameObject: {fileID: 5566599532468518803}
  m_Enabled: 1
  m_EditorHideFlags: 0
  m_Script: {fileID: 11500000, guid: dc42784cf147c0c48a680349fa168899, type: 3}
  m_Name: 
  m_EditorClassIdentifier: 
  m_IgnoreReversedGraphics: 1
  m_BlockingObjects: 0
  m_BlockingMask:
    serializedVersion: 2
    m_Bits: 4294967295
--- !u!114 &1220837211704633209
MonoBehaviour:
  m_ObjectHideFlags: 0
  m_CorrespondingSourceObject: {fileID: 0}
  m_PrefabInstance: {fileID: 0}
  m_PrefabAsset: {fileID: 0}
  m_GameObject: {fileID: 5566599532468518803}
  m_Enabled: 1
  m_EditorHideFlags: 0
  m_Script: {fileID: 11500000, guid: 4a300d010f57451488aa99000126fbd5, type: 3}
  m_Name: 
  m_EditorClassIdentifier: 
  starterAssetsInputs: {fileID: 0}
--- !u!114 &7751583654863582947
MonoBehaviour:
  m_ObjectHideFlags: 0
  m_CorrespondingSourceObject: {fileID: 0}
  m_PrefabInstance: {fileID: 0}
  m_PrefabAsset: {fileID: 0}
  m_GameObject: {fileID: 5566599532468518803}
  m_Enabled: 1
  m_EditorHideFlags: 0
  m_Script: {fileID: 11500000, guid: 901182334643ba1438a25accc6bd0c79, type: 3}
  m_Name: 
  m_EditorClassIdentifier: 
  playerInput: {fileID: 0}
--- !u!1 &6959693494220870518
GameObject:
  m_ObjectHideFlags: 0
  m_CorrespondingSourceObject: {fileID: 0}
  m_PrefabInstance: {fileID: 0}
  m_PrefabAsset: {fileID: 0}
  serializedVersion: 6
  m_Component:
  - component: {fileID: 2288411715562076630}
  - component: {fileID: 2496161274891340550}
  - component: {fileID: 420324395036104025}
  m_Layer: 5
  m_Name: Icon
  m_TagString: Untagged
  m_Icon: {fileID: 0}
  m_NavMeshLayer: 0
  m_StaticEditorFlags: 0
  m_IsActive: 1
--- !u!224 &2288411715562076630
RectTransform:
  m_ObjectHideFlags: 0
  m_CorrespondingSourceObject: {fileID: 0}
  m_PrefabInstance: {fileID: 0}
  m_PrefabAsset: {fileID: 0}
  m_GameObject: {fileID: 6959693494220870518}
  m_LocalRotation: {x: 0, y: 0, z: 0, w: 1}
  m_LocalPosition: {x: 0, y: 0, z: 0}
  m_LocalScale: {x: 1, y: 1, z: 1}
  m_ConstrainProportionsScale: 0
  m_Children: []
  m_Father: {fileID: 9130657669396721829}
  m_RootOrder: 0
  m_LocalEulerAnglesHint: {x: 0, y: 0, z: 0}
  m_AnchorMin: {x: 0.5, y: 0.5}
  m_AnchorMax: {x: 0.5, y: 0.5}
  m_AnchoredPosition: {x: 0, y: 5.8}
  m_SizeDelta: {x: 100, y: 99}
  m_Pivot: {x: 0.5, y: 0.5}
--- !u!222 &2496161274891340550
CanvasRenderer:
  m_ObjectHideFlags: 0
  m_CorrespondingSourceObject: {fileID: 0}
  m_PrefabInstance: {fileID: 0}
  m_PrefabAsset: {fileID: 0}
  m_GameObject: {fileID: 6959693494220870518}
  m_CullTransparentMesh: 0
--- !u!114 &420324395036104025
MonoBehaviour:
  m_ObjectHideFlags: 0
  m_CorrespondingSourceObject: {fileID: 0}
  m_PrefabInstance: {fileID: 0}
  m_PrefabAsset: {fileID: 0}
  m_GameObject: {fileID: 6959693494220870518}
  m_Enabled: 1
  m_EditorHideFlags: 0
  m_Script: {fileID: 11500000, guid: fe87c0e1cc204ed48ad3b37840f39efc, type: 3}
  m_Name: 
  m_EditorClassIdentifier: 
  m_Material: {fileID: 0}
  m_Color: {r: 0.89411765, g: 0.9529412, b: 1, a: 1}
  m_RaycastTarget: 1
  m_RaycastPadding: {x: 0, y: 0, z: 0, w: 0}
  m_Maskable: 1
  m_OnCullStateChanged:
    m_PersistentCalls:
      m_Calls: []
  m_Sprite: {fileID: 21300000, guid: 92885073c980349c2a786888bd70f710, type: 3}
  m_Type: 0
  m_PreserveAspect: 0
  m_FillCenter: 1
  m_FillMethod: 4
  m_FillAmount: 1
  m_FillClockwise: 1
  m_FillOrigin: 0
  m_UseSpriteMesh: 0
  m_PixelsPerUnitMultiplier: 1
--- !u!1001 &1342528638655608730
PrefabInstance:
  m_ObjectHideFlags: 0
  serializedVersion: 2
  m_Modification:
    m_TransformParent: {fileID: 1782115064970599325}
    m_Modifications:
    - target: {fileID: 413722335, guid: 9e55d9b4642484f41be20c69a9b48063, type: 3}
      propertyPath: buttonStateOutputEvent.m_PersistentCalls.m_Calls.Array.data[0].m_Target
      value: 
      objectReference: {fileID: 1220837211704633209}
    - target: {fileID: 413722335, guid: 9e55d9b4642484f41be20c69a9b48063, type: 3}
      propertyPath: buttonStateOutputEvent.m_PersistentCalls.m_Calls.Array.data[0].m_MethodName
      value: VirtualSprintInput
      objectReference: {fileID: 0}
    - target: {fileID: 2478905580774955251, guid: 9e55d9b4642484f41be20c69a9b48063,
        type: 3}
      propertyPath: m_Sprite
      value: 
      objectReference: {fileID: 21300000, guid: 5a815e49cfd9846af8d9ca7e9a2aabca,
        type: 3}
    - target: {fileID: 4091757288130996202, guid: 9e55d9b4642484f41be20c69a9b48063,
        type: 3}
      propertyPath: m_Name
      value: UI_Virtual_Button_Sprint
      objectReference: {fileID: 0}
    - target: {fileID: 6604053163029732620, guid: 9e55d9b4642484f41be20c69a9b48063,
        type: 3}
      propertyPath: m_Sprite
      value: 
      objectReference: {fileID: 21300000, guid: b0fa70abd2a79904cb00b175dfd8ec7e,
        type: 3}
    - target: {fileID: 6604053163029732620, guid: 9e55d9b4642484f41be20c69a9b48063,
        type: 3}
      propertyPath: m_Enabled
      value: 1
      objectReference: {fileID: 0}
    - target: {fileID: 8892224244125084019, guid: 9e55d9b4642484f41be20c69a9b48063,
        type: 3}
      propertyPath: m_Pivot.x
      value: 0.5
      objectReference: {fileID: 0}
    - target: {fileID: 8892224244125084019, guid: 9e55d9b4642484f41be20c69a9b48063,
        type: 3}
      propertyPath: m_Pivot.y
      value: 0.5
      objectReference: {fileID: 0}
    - target: {fileID: 8892224244125084019, guid: 9e55d9b4642484f41be20c69a9b48063,
        type: 3}
      propertyPath: m_RootOrder
      value: 3
      objectReference: {fileID: 0}
    - target: {fileID: 8892224244125084019, guid: 9e55d9b4642484f41be20c69a9b48063,
        type: 3}
      propertyPath: m_AnchorMax.x
      value: 1
      objectReference: {fileID: 0}
    - target: {fileID: 8892224244125084019, guid: 9e55d9b4642484f41be20c69a9b48063,
        type: 3}
      propertyPath: m_AnchorMax.y
      value: 0
      objectReference: {fileID: 0}
    - target: {fileID: 8892224244125084019, guid: 9e55d9b4642484f41be20c69a9b48063,
        type: 3}
      propertyPath: m_AnchorMin.x
      value: 1
      objectReference: {fileID: 0}
    - target: {fileID: 8892224244125084019, guid: 9e55d9b4642484f41be20c69a9b48063,
        type: 3}
      propertyPath: m_AnchorMin.y
      value: 0
      objectReference: {fileID: 0}
    - target: {fileID: 8892224244125084019, guid: 9e55d9b4642484f41be20c69a9b48063,
        type: 3}
      propertyPath: m_SizeDelta.x
      value: 180
      objectReference: {fileID: 0}
    - target: {fileID: 8892224244125084019, guid: 9e55d9b4642484f41be20c69a9b48063,
        type: 3}
      propertyPath: m_SizeDelta.y
      value: 180
      objectReference: {fileID: 0}
    - target: {fileID: 8892224244125084019, guid: 9e55d9b4642484f41be20c69a9b48063,
        type: 3}
      propertyPath: m_LocalPosition.x
      value: 0
      objectReference: {fileID: 0}
    - target: {fileID: 8892224244125084019, guid: 9e55d9b4642484f41be20c69a9b48063,
        type: 3}
      propertyPath: m_LocalPosition.y
      value: 0
      objectReference: {fileID: 0}
    - target: {fileID: 8892224244125084019, guid: 9e55d9b4642484f41be20c69a9b48063,
        type: 3}
      propertyPath: m_LocalPosition.z
      value: 0
      objectReference: {fileID: 0}
    - target: {fileID: 8892224244125084019, guid: 9e55d9b4642484f41be20c69a9b48063,
        type: 3}
      propertyPath: m_LocalRotation.w
      value: 1
      objectReference: {fileID: 0}
    - target: {fileID: 8892224244125084019, guid: 9e55d9b4642484f41be20c69a9b48063,
        type: 3}
      propertyPath: m_LocalRotation.x
      value: 0
      objectReference: {fileID: 0}
    - target: {fileID: 8892224244125084019, guid: 9e55d9b4642484f41be20c69a9b48063,
        type: 3}
      propertyPath: m_LocalRotation.y
      value: 0
      objectReference: {fileID: 0}
    - target: {fileID: 8892224244125084019, guid: 9e55d9b4642484f41be20c69a9b48063,
        type: 3}
      propertyPath: m_LocalRotation.z
      value: 0
      objectReference: {fileID: 0}
    - target: {fileID: 8892224244125084019, guid: 9e55d9b4642484f41be20c69a9b48063,
        type: 3}
      propertyPath: m_AnchoredPosition.x
      value: -417
      objectReference: {fileID: 0}
    - target: {fileID: 8892224244125084019, guid: 9e55d9b4642484f41be20c69a9b48063,
        type: 3}
      propertyPath: m_AnchoredPosition.y
      value: 282
      objectReference: {fileID: 0}
    - target: {fileID: 8892224244125084019, guid: 9e55d9b4642484f41be20c69a9b48063,
        type: 3}
      propertyPath: m_LocalEulerAnglesHint.x
      value: 0
      objectReference: {fileID: 0}
    - target: {fileID: 8892224244125084019, guid: 9e55d9b4642484f41be20c69a9b48063,
        type: 3}
      propertyPath: m_LocalEulerAnglesHint.y
      value: 0
      objectReference: {fileID: 0}
    - target: {fileID: 8892224244125084019, guid: 9e55d9b4642484f41be20c69a9b48063,
        type: 3}
      propertyPath: m_LocalEulerAnglesHint.z
      value: 0
      objectReference: {fileID: 0}
    m_RemovedComponents: []
  m_SourcePrefab: {fileID: 100100000, guid: 9e55d9b4642484f41be20c69a9b48063, type: 3}
--- !u!224 &7621806328581332713 stripped
RectTransform:
  m_CorrespondingSourceObject: {fileID: 8892224244125084019, guid: 9e55d9b4642484f41be20c69a9b48063,
    type: 3}
  m_PrefabInstance: {fileID: 1342528638655608730}
  m_PrefabAsset: {fileID: 0}
--- !u!1001 &4160784284117355217
PrefabInstance:
  m_ObjectHideFlags: 0
  serializedVersion: 2
  m_Modification:
    m_TransformParent: {fileID: 1782115064970599325}
    m_Modifications:
    - target: {fileID: 6463414252738224505, guid: 87f0c6aa9b85045efb55b6f6ad1df416,
        type: 3}
      propertyPath: m_Sprite
      value: 
      objectReference: {fileID: 21300000, guid: 24441b112939c4fa487df92d3c2efffd,
        type: 3}
    - target: {fileID: 6463414253423165942, guid: 87f0c6aa9b85045efb55b6f6ad1df416,
        type: 3}
      propertyPath: m_Name
      value: Button_Circle01_Purple
      objectReference: {fileID: 0}
    - target: {fileID: 6463414253423165943, guid: 87f0c6aa9b85045efb55b6f6ad1df416,
        type: 3}
      propertyPath: m_Pivot.x
      value: 0.5
      objectReference: {fileID: 0}
    - target: {fileID: 6463414253423165943, guid: 87f0c6aa9b85045efb55b6f6ad1df416,
        type: 3}
      propertyPath: m_Pivot.y
      value: 0.5
      objectReference: {fileID: 0}
    - target: {fileID: 6463414253423165943, guid: 87f0c6aa9b85045efb55b6f6ad1df416,
        type: 3}
      propertyPath: m_RootOrder
      value: 7
      objectReference: {fileID: 0}
    - target: {fileID: 6463414253423165943, guid: 87f0c6aa9b85045efb55b6f6ad1df416,
        type: 3}
      propertyPath: m_AnchorMax.x
      value: 0.5
      objectReference: {fileID: 0}
    - target: {fileID: 6463414253423165943, guid: 87f0c6aa9b85045efb55b6f6ad1df416,
        type: 3}
      propertyPath: m_AnchorMax.y
      value: 0.5
      objectReference: {fileID: 0}
    - target: {fileID: 6463414253423165943, guid: 87f0c6aa9b85045efb55b6f6ad1df416,
        type: 3}
      propertyPath: m_AnchorMin.x
      value: 0.5
      objectReference: {fileID: 0}
    - target: {fileID: 6463414253423165943, guid: 87f0c6aa9b85045efb55b6f6ad1df416,
        type: 3}
      propertyPath: m_AnchorMin.y
      value: 0.5
      objectReference: {fileID: 0}
    - target: {fileID: 6463414253423165943, guid: 87f0c6aa9b85045efb55b6f6ad1df416,
        type: 3}
      propertyPath: m_SizeDelta.x
      value: 148
      objectReference: {fileID: 0}
    - target: {fileID: 6463414253423165943, guid: 87f0c6aa9b85045efb55b6f6ad1df416,
        type: 3}
      propertyPath: m_SizeDelta.y
      value: 155
      objectReference: {fileID: 0}
    - target: {fileID: 6463414253423165943, guid: 87f0c6aa9b85045efb55b6f6ad1df416,
        type: 3}
      propertyPath: m_LocalScale.x
      value: 0.43432
      objectReference: {fileID: 0}
    - target: {fileID: 6463414253423165943, guid: 87f0c6aa9b85045efb55b6f6ad1df416,
        type: 3}
      propertyPath: m_LocalScale.y
      value: 0.43432
      objectReference: {fileID: 0}
    - target: {fileID: 6463414253423165943, guid: 87f0c6aa9b85045efb55b6f6ad1df416,
        type: 3}
      propertyPath: m_LocalScale.z
      value: 0.43432
      objectReference: {fileID: 0}
    - target: {fileID: 6463414253423165943, guid: 87f0c6aa9b85045efb55b6f6ad1df416,
        type: 3}
      propertyPath: m_LocalPosition.x
      value: 0
      objectReference: {fileID: 0}
    - target: {fileID: 6463414253423165943, guid: 87f0c6aa9b85045efb55b6f6ad1df416,
        type: 3}
      propertyPath: m_LocalPosition.y
      value: 0
      objectReference: {fileID: 0}
    - target: {fileID: 6463414253423165943, guid: 87f0c6aa9b85045efb55b6f6ad1df416,
        type: 3}
      propertyPath: m_LocalPosition.z
      value: 0
      objectReference: {fileID: 0}
    - target: {fileID: 6463414253423165943, guid: 87f0c6aa9b85045efb55b6f6ad1df416,
        type: 3}
      propertyPath: m_LocalRotation.w
      value: 1
      objectReference: {fileID: 0}
    - target: {fileID: 6463414253423165943, guid: 87f0c6aa9b85045efb55b6f6ad1df416,
        type: 3}
      propertyPath: m_LocalRotation.x
      value: -0
      objectReference: {fileID: 0}
    - target: {fileID: 6463414253423165943, guid: 87f0c6aa9b85045efb55b6f6ad1df416,
        type: 3}
      propertyPath: m_LocalRotation.y
      value: -0
      objectReference: {fileID: 0}
    - target: {fileID: 6463414253423165943, guid: 87f0c6aa9b85045efb55b6f6ad1df416,
        type: 3}
      propertyPath: m_LocalRotation.z
      value: -0
      objectReference: {fileID: 0}
    - target: {fileID: 6463414253423165943, guid: 87f0c6aa9b85045efb55b6f6ad1df416,
        type: 3}
      propertyPath: m_AnchoredPosition.x
      value: -715.44
      objectReference: {fileID: 0}
    - target: {fileID: 6463414253423165943, guid: 87f0c6aa9b85045efb55b6f6ad1df416,
        type: 3}
      propertyPath: m_AnchoredPosition.y
      value: 175.39
      objectReference: {fileID: 0}
    - target: {fileID: 6463414253423165943, guid: 87f0c6aa9b85045efb55b6f6ad1df416,
        type: 3}
      propertyPath: m_LocalEulerAnglesHint.x
      value: 0
      objectReference: {fileID: 0}
    - target: {fileID: 6463414253423165943, guid: 87f0c6aa9b85045efb55b6f6ad1df416,
        type: 3}
      propertyPath: m_LocalEulerAnglesHint.y
      value: 0
      objectReference: {fileID: 0}
    - target: {fileID: 6463414253423165943, guid: 87f0c6aa9b85045efb55b6f6ad1df416,
        type: 3}
      propertyPath: m_LocalEulerAnglesHint.z
      value: 0
      objectReference: {fileID: 0}
    - target: {fileID: 6463414253423165944, guid: 87f0c6aa9b85045efb55b6f6ad1df416,
        type: 3}
      propertyPath: m_OnClick.m_PersistentCalls.m_Calls.Array.size
      value: 1
      objectReference: {fileID: 0}
    - target: {fileID: 6463414253423165944, guid: 87f0c6aa9b85045efb55b6f6ad1df416,
        type: 3}
      propertyPath: m_OnClick.m_PersistentCalls.m_Calls.Array.data[0].m_Mode
      value: 1
      objectReference: {fileID: 0}
    - target: {fileID: 6463414253423165944, guid: 87f0c6aa9b85045efb55b6f6ad1df416,
        type: 3}
      propertyPath: m_OnClick.m_PersistentCalls.m_Calls.Array.data[0].m_Target
      value: 
      objectReference: {fileID: 0}
    - target: {fileID: 6463414253423165944, guid: 87f0c6aa9b85045efb55b6f6ad1df416,
        type: 3}
      propertyPath: m_OnClick.m_PersistentCalls.m_Calls.Array.data[0].m_CallState
      value: 2
      objectReference: {fileID: 0}
    - target: {fileID: 6463414253423165944, guid: 87f0c6aa9b85045efb55b6f6ad1df416,
        type: 3}
      propertyPath: m_OnClick.m_PersistentCalls.m_Calls.Array.data[0].m_MethodName
      value: ChangeImage
      objectReference: {fileID: 0}
    - target: {fileID: 6463414253423165944, guid: 87f0c6aa9b85045efb55b6f6ad1df416,
        type: 3}
      propertyPath: m_OnClick.m_PersistentCalls.m_Calls.Array.data[0].m_TargetAssemblyTypeName
      value: ButtonSpriteChanger, Assembly-CSharp
      objectReference: {fileID: 0}
    - target: {fileID: 6463414253423165944, guid: 87f0c6aa9b85045efb55b6f6ad1df416,
        type: 3}
      propertyPath: m_OnClick.m_PersistentCalls.m_Calls.Array.data[0].m_Arguments.m_ObjectArgumentAssemblyTypeName
      value: UnityEngine.Object, UnityEngine
      objectReference: {fileID: 0}
    m_RemovedComponents: []
  m_SourcePrefab: {fileID: 100100000, guid: 87f0c6aa9b85045efb55b6f6ad1df416, type: 3}
--- !u!224 &6921111537887988518 stripped
RectTransform:
  m_CorrespondingSourceObject: {fileID: 6463414253423165943, guid: 87f0c6aa9b85045efb55b6f6ad1df416,
    type: 3}
  m_PrefabInstance: {fileID: 4160784284117355217}
  m_PrefabAsset: {fileID: 0}
--- !u!1001 &4774412676700945185
PrefabInstance:
  m_ObjectHideFlags: 0
  serializedVersion: 2
  m_Modification:
    m_TransformParent: {fileID: 1782115064970599325}
    m_Modifications:
    - target: {fileID: 191938513, guid: 6eb08bfc0fd869c47b796c42ada099da, type: 3}
      propertyPath: joystickOutputEvent.m_PersistentCalls.m_Calls.Array.data[0].m_Target
      value: 
      objectReference: {fileID: 1220837211704633209}
    - target: {fileID: 1480850142, guid: 6eb08bfc0fd869c47b796c42ada099da, type: 3}
      propertyPath: m_IsActive
      value: 0
      objectReference: {fileID: 0}
    - target: {fileID: 1407806550736918862, guid: 6eb08bfc0fd869c47b796c42ada099da,
        type: 3}
      propertyPath: m_Pivot.x
      value: 0.5
      objectReference: {fileID: 0}
    - target: {fileID: 1407806550736918862, guid: 6eb08bfc0fd869c47b796c42ada099da,
        type: 3}
      propertyPath: m_Pivot.y
      value: 0.5
      objectReference: {fileID: 0}
    - target: {fileID: 1407806550736918862, guid: 6eb08bfc0fd869c47b796c42ada099da,
        type: 3}
      propertyPath: m_RootOrder
      value: 0
      objectReference: {fileID: 0}
    - target: {fileID: 1407806550736918862, guid: 6eb08bfc0fd869c47b796c42ada099da,
        type: 3}
      propertyPath: m_AnchorMax.x
      value: 0
      objectReference: {fileID: 0}
    - target: {fileID: 1407806550736918862, guid: 6eb08bfc0fd869c47b796c42ada099da,
        type: 3}
      propertyPath: m_AnchorMax.y
      value: 0
      objectReference: {fileID: 0}
    - target: {fileID: 1407806550736918862, guid: 6eb08bfc0fd869c47b796c42ada099da,
        type: 3}
      propertyPath: m_AnchorMin.x
      value: 0
      objectReference: {fileID: 0}
    - target: {fileID: 1407806550736918862, guid: 6eb08bfc0fd869c47b796c42ada099da,
        type: 3}
      propertyPath: m_AnchorMin.y
      value: 0
      objectReference: {fileID: 0}
    - target: {fileID: 1407806550736918862, guid: 6eb08bfc0fd869c47b796c42ada099da,
        type: 3}
      propertyPath: m_SizeDelta.x
      value: 330
      objectReference: {fileID: 0}
    - target: {fileID: 1407806550736918862, guid: 6eb08bfc0fd869c47b796c42ada099da,
        type: 3}
      propertyPath: m_SizeDelta.y
      value: 330
      objectReference: {fileID: 0}
    - target: {fileID: 1407806550736918862, guid: 6eb08bfc0fd869c47b796c42ada099da,
        type: 3}
      propertyPath: m_LocalPosition.x
      value: 0
      objectReference: {fileID: 0}
    - target: {fileID: 1407806550736918862, guid: 6eb08bfc0fd869c47b796c42ada099da,
        type: 3}
      propertyPath: m_LocalPosition.y
      value: 0
      objectReference: {fileID: 0}
    - target: {fileID: 1407806550736918862, guid: 6eb08bfc0fd869c47b796c42ada099da,
        type: 3}
      propertyPath: m_LocalPosition.z
      value: 0
      objectReference: {fileID: 0}
    - target: {fileID: 1407806550736918862, guid: 6eb08bfc0fd869c47b796c42ada099da,
        type: 3}
      propertyPath: m_LocalRotation.w
      value: 1
      objectReference: {fileID: 0}
    - target: {fileID: 1407806550736918862, guid: 6eb08bfc0fd869c47b796c42ada099da,
        type: 3}
      propertyPath: m_LocalRotation.x
      value: 0
      objectReference: {fileID: 0}
    - target: {fileID: 1407806550736918862, guid: 6eb08bfc0fd869c47b796c42ada099da,
        type: 3}
      propertyPath: m_LocalRotation.y
      value: 0
      objectReference: {fileID: 0}
    - target: {fileID: 1407806550736918862, guid: 6eb08bfc0fd869c47b796c42ada099da,
        type: 3}
      propertyPath: m_LocalRotation.z
      value: 0
      objectReference: {fileID: 0}
    - target: {fileID: 1407806550736918862, guid: 6eb08bfc0fd869c47b796c42ada099da,
        type: 3}
      propertyPath: m_AnchoredPosition.x
      value: 219
      objectReference: {fileID: 0}
    - target: {fileID: 1407806550736918862, guid: 6eb08bfc0fd869c47b796c42ada099da,
        type: 3}
      propertyPath: m_AnchoredPosition.y
      value: 207
      objectReference: {fileID: 0}
    - target: {fileID: 1407806550736918862, guid: 6eb08bfc0fd869c47b796c42ada099da,
        type: 3}
      propertyPath: m_LocalEulerAnglesHint.x
      value: 0
      objectReference: {fileID: 0}
    - target: {fileID: 1407806550736918862, guid: 6eb08bfc0fd869c47b796c42ada099da,
        type: 3}
      propertyPath: m_LocalEulerAnglesHint.y
      value: 0
      objectReference: {fileID: 0}
    - target: {fileID: 1407806550736918862, guid: 6eb08bfc0fd869c47b796c42ada099da,
        type: 3}
      propertyPath: m_LocalEulerAnglesHint.z
      value: 0
      objectReference: {fileID: 0}
    - target: {fileID: 1423390416140222447, guid: 6eb08bfc0fd869c47b796c42ada099da,
        type: 3}
      propertyPath: m_Name
      value: UI_Virtual_Joystick_Move
      objectReference: {fileID: 0}
    - target: {fileID: 2976711156707159110, guid: 6eb08bfc0fd869c47b796c42ada099da,
        type: 3}
      propertyPath: m_Sprite
      value: 
      objectReference: {fileID: 21300000, guid: 0c4e034aebd9d40038153313c95f245b,
        type: 3}
    - target: {fileID: 3199668076469712369, guid: 6eb08bfc0fd869c47b796c42ada099da,
        type: 3}
      propertyPath: m_Sprite
      value: 
      objectReference: {fileID: 21300000, guid: c63f6bd29cbfd4a97966b21fb24c2ceb,
        type: 3}
    m_RemovedComponents: []
  m_SourcePrefab: {fileID: 100100000, guid: 6eb08bfc0fd869c47b796c42ada099da, type: 3}
--- !u!224 &5893971189805998703 stripped
RectTransform:
  m_CorrespondingSourceObject: {fileID: 1407806550736918862, guid: 6eb08bfc0fd869c47b796c42ada099da,
    type: 3}
  m_PrefabInstance: {fileID: 4774412676700945185}
  m_PrefabAsset: {fileID: 0}
--- !u!1001 &7523843605232386200
PrefabInstance:
  m_ObjectHideFlags: 0
  serializedVersion: 2
  m_Modification:
    m_TransformParent: {fileID: 1782115064970599325}
    m_Modifications:
    - target: {fileID: 413722335, guid: 9e55d9b4642484f41be20c69a9b48063, type: 3}
      propertyPath: buttonStateOutputEvent.m_PersistentCalls.m_Calls.Array.data[0].m_Target
      value: 
      objectReference: {fileID: 1220837211704633209}
    - target: {fileID: 998461505230474078, guid: 9e55d9b4642484f41be20c69a9b48063,
        type: 3}
      propertyPath: m_Colors.m_NormalColor.a
      value: 1
      objectReference: {fileID: 0}
    - target: {fileID: 2478905580774955251, guid: 9e55d9b4642484f41be20c69a9b48063,
        type: 3}
      propertyPath: m_Sprite
      value: 
      objectReference: {fileID: 21300000, guid: 5a815e49cfd9846af8d9ca7e9a2aabca,
        type: 3}
    - target: {fileID: 4091757288130996202, guid: 9e55d9b4642484f41be20c69a9b48063,
        type: 3}
      propertyPath: m_Name
      value: UI_Virtual_Button_Jump
      objectReference: {fileID: 0}
    - target: {fileID: 6604053163029732620, guid: 9e55d9b4642484f41be20c69a9b48063,
        type: 3}
      propertyPath: m_Sprite
      value: 
      objectReference: {fileID: 21300000, guid: 751aa1b6637101946b2fdbb7aa27d6ad,
        type: 3}
    - target: {fileID: 6604053163029732620, guid: 9e55d9b4642484f41be20c69a9b48063,
        type: 3}
      propertyPath: m_Enabled
      value: 1
      objectReference: {fileID: 0}
    - target: {fileID: 8892224244125084019, guid: 9e55d9b4642484f41be20c69a9b48063,
        type: 3}
      propertyPath: m_Pivot.x
      value: 0.5
      objectReference: {fileID: 0}
    - target: {fileID: 8892224244125084019, guid: 9e55d9b4642484f41be20c69a9b48063,
        type: 3}
      propertyPath: m_Pivot.y
      value: 0.5
      objectReference: {fileID: 0}
    - target: {fileID: 8892224244125084019, guid: 9e55d9b4642484f41be20c69a9b48063,
        type: 3}
      propertyPath: m_RootOrder
      value: 2
      objectReference: {fileID: 0}
    - target: {fileID: 8892224244125084019, guid: 9e55d9b4642484f41be20c69a9b48063,
        type: 3}
      propertyPath: m_AnchorMax.x
      value: 1
      objectReference: {fileID: 0}
    - target: {fileID: 8892224244125084019, guid: 9e55d9b4642484f41be20c69a9b48063,
        type: 3}
      propertyPath: m_AnchorMax.y
      value: 0
      objectReference: {fileID: 0}
    - target: {fileID: 8892224244125084019, guid: 9e55d9b4642484f41be20c69a9b48063,
        type: 3}
      propertyPath: m_AnchorMin.x
      value: 1
      objectReference: {fileID: 0}
    - target: {fileID: 8892224244125084019, guid: 9e55d9b4642484f41be20c69a9b48063,
        type: 3}
      propertyPath: m_AnchorMin.y
      value: 0
      objectReference: {fileID: 0}
    - target: {fileID: 8892224244125084019, guid: 9e55d9b4642484f41be20c69a9b48063,
        type: 3}
      propertyPath: m_SizeDelta.x
      value: 180
      objectReference: {fileID: 0}
    - target: {fileID: 8892224244125084019, guid: 9e55d9b4642484f41be20c69a9b48063,
        type: 3}
      propertyPath: m_SizeDelta.y
      value: 180
      objectReference: {fileID: 0}
    - target: {fileID: 8892224244125084019, guid: 9e55d9b4642484f41be20c69a9b48063,
        type: 3}
      propertyPath: m_LocalPosition.x
      value: 0
      objectReference: {fileID: 0}
    - target: {fileID: 8892224244125084019, guid: 9e55d9b4642484f41be20c69a9b48063,
        type: 3}
      propertyPath: m_LocalPosition.y
      value: 0
      objectReference: {fileID: 0}
    - target: {fileID: 8892224244125084019, guid: 9e55d9b4642484f41be20c69a9b48063,
        type: 3}
      propertyPath: m_LocalPosition.z
      value: 0
      objectReference: {fileID: 0}
    - target: {fileID: 8892224244125084019, guid: 9e55d9b4642484f41be20c69a9b48063,
        type: 3}
      propertyPath: m_LocalRotation.w
      value: 1
      objectReference: {fileID: 0}
    - target: {fileID: 8892224244125084019, guid: 9e55d9b4642484f41be20c69a9b48063,
        type: 3}
      propertyPath: m_LocalRotation.x
      value: 0
      objectReference: {fileID: 0}
    - target: {fileID: 8892224244125084019, guid: 9e55d9b4642484f41be20c69a9b48063,
        type: 3}
      propertyPath: m_LocalRotation.y
      value: 0
      objectReference: {fileID: 0}
    - target: {fileID: 8892224244125084019, guid: 9e55d9b4642484f41be20c69a9b48063,
        type: 3}
      propertyPath: m_LocalRotation.z
      value: 0
      objectReference: {fileID: 0}
    - target: {fileID: 8892224244125084019, guid: 9e55d9b4642484f41be20c69a9b48063,
        type: 3}
      propertyPath: m_AnchoredPosition.x
      value: -273
      objectReference: {fileID: 0}
    - target: {fileID: 8892224244125084019, guid: 9e55d9b4642484f41be20c69a9b48063,
        type: 3}
      propertyPath: m_AnchoredPosition.y
      value: 455.07
      objectReference: {fileID: 0}
    - target: {fileID: 8892224244125084019, guid: 9e55d9b4642484f41be20c69a9b48063,
        type: 3}
      propertyPath: m_LocalEulerAnglesHint.x
      value: 0
      objectReference: {fileID: 0}
    - target: {fileID: 8892224244125084019, guid: 9e55d9b4642484f41be20c69a9b48063,
        type: 3}
      propertyPath: m_LocalEulerAnglesHint.y
      value: 0
      objectReference: {fileID: 0}
    - target: {fileID: 8892224244125084019, guid: 9e55d9b4642484f41be20c69a9b48063,
        type: 3}
      propertyPath: m_LocalEulerAnglesHint.z
      value: 0
      objectReference: {fileID: 0}
    m_RemovedComponents: []
  m_SourcePrefab: {fileID: 100100000, guid: 9e55d9b4642484f41be20c69a9b48063, type: 3}
--- !u!224 &1372904314045573611 stripped
RectTransform:
  m_CorrespondingSourceObject: {fileID: 8892224244125084019, guid: 9e55d9b4642484f41be20c69a9b48063,
    type: 3}
  m_PrefabInstance: {fileID: 7523843605232386200}
  m_PrefabAsset: {fileID: 0}
--- !u!1001 &8234463645678391968
PrefabInstance:
  m_ObjectHideFlags: 0
  serializedVersion: 2
  m_Modification:
    m_TransformParent: {fileID: 1782115064970599325}
    m_Modifications:
    - target: {fileID: 191938513, guid: 6eb08bfc0fd869c47b796c42ada099da, type: 3}
      propertyPath: joystickRange
      value: 60
      objectReference: {fileID: 0}
    - target: {fileID: 191938513, guid: 6eb08bfc0fd869c47b796c42ada099da, type: 3}
      propertyPath: invertYOutputValue
      value: 1
      objectReference: {fileID: 0}
    - target: {fileID: 191938513, guid: 6eb08bfc0fd869c47b796c42ada099da, type: 3}
      propertyPath: magnitudeMultiplier
      value: 30
      objectReference: {fileID: 0}
    - target: {fileID: 191938513, guid: 6eb08bfc0fd869c47b796c42ada099da, type: 3}
      propertyPath: joystickOutputEvent.m_PersistentCalls.m_Calls.Array.size
      value: 1
      objectReference: {fileID: 0}
    - target: {fileID: 191938513, guid: 6eb08bfc0fd869c47b796c42ada099da, type: 3}
      propertyPath: joystickOutputEvent.m_PersistentCalls.m_Calls.Array.data[1].m_Mode
      value: 1
      objectReference: {fileID: 0}
    - target: {fileID: 191938513, guid: 6eb08bfc0fd869c47b796c42ada099da, type: 3}
      propertyPath: joystickOutputEvent.m_PersistentCalls.m_Calls.Array.data[0].m_Target
      value: 
      objectReference: {fileID: 1220837211704633209}
    - target: {fileID: 191938513, guid: 6eb08bfc0fd869c47b796c42ada099da, type: 3}
      propertyPath: joystickOutputEvent.m_PersistentCalls.m_Calls.Array.data[1].m_CallState
      value: 2
      objectReference: {fileID: 0}
    - target: {fileID: 191938513, guid: 6eb08bfc0fd869c47b796c42ada099da, type: 3}
      propertyPath: joystickOutputEvent.m_PersistentCalls.m_Calls.Array.data[0].m_MethodName
      value: VirtualLookInput
      objectReference: {fileID: 0}
    - target: {fileID: 191938513, guid: 6eb08bfc0fd869c47b796c42ada099da, type: 3}
      propertyPath: joystickOutputEvent.m_PersistentCalls.m_Calls.Array.data[1].m_MethodName
      value: 
      objectReference: {fileID: 0}
    - target: {fileID: 191938513, guid: 6eb08bfc0fd869c47b796c42ada099da, type: 3}
      propertyPath: joystickOutputEvent.m_PersistentCalls.m_Calls.Array.data[1].m_TargetAssemblyTypeName
      value: StarterAssets.UICanvasControllerInput, Assembly-CSharp
      objectReference: {fileID: 0}
    - target: {fileID: 191938513, guid: 6eb08bfc0fd869c47b796c42ada099da, type: 3}
      propertyPath: joystickOutputEvent.m_PersistentCalls.m_Calls.Array.data[1].m_Arguments.m_ObjectArgumentAssemblyTypeName
      value: 
      objectReference: {fileID: 0}
    - target: {fileID: 1480850142, guid: 6eb08bfc0fd869c47b796c42ada099da, type: 3}
      propertyPath: m_IsActive
      value: 0
      objectReference: {fileID: 0}
    - target: {fileID: 1480850144, guid: 6eb08bfc0fd869c47b796c42ada099da, type: 3}
      propertyPath: m_Sprite
      value: 
      objectReference: {fileID: 21300000, guid: af0ae2dbf3d1efb4f82af377950704a2,
        type: 3}
    - target: {fileID: 1407806550736918862, guid: 6eb08bfc0fd869c47b796c42ada099da,
        type: 3}
      propertyPath: m_Pivot.x
      value: 0.5
      objectReference: {fileID: 0}
    - target: {fileID: 1407806550736918862, guid: 6eb08bfc0fd869c47b796c42ada099da,
        type: 3}
      propertyPath: m_Pivot.y
      value: 0.5
      objectReference: {fileID: 0}
    - target: {fileID: 1407806550736918862, guid: 6eb08bfc0fd869c47b796c42ada099da,
        type: 3}
      propertyPath: m_RootOrder
      value: 1
      objectReference: {fileID: 0}
    - target: {fileID: 1407806550736918862, guid: 6eb08bfc0fd869c47b796c42ada099da,
        type: 3}
      propertyPath: m_AnchorMax.x
      value: 1
      objectReference: {fileID: 0}
    - target: {fileID: 1407806550736918862, guid: 6eb08bfc0fd869c47b796c42ada099da,
        type: 3}
      propertyPath: m_AnchorMax.y
      value: 0
      objectReference: {fileID: 0}
    - target: {fileID: 1407806550736918862, guid: 6eb08bfc0fd869c47b796c42ada099da,
        type: 3}
      propertyPath: m_AnchorMin.x
      value: 1
      objectReference: {fileID: 0}
    - target: {fileID: 1407806550736918862, guid: 6eb08bfc0fd869c47b796c42ada099da,
        type: 3}
      propertyPath: m_AnchorMin.y
      value: 0
      objectReference: {fileID: 0}
    - target: {fileID: 1407806550736918862, guid: 6eb08bfc0fd869c47b796c42ada099da,
        type: 3}
      propertyPath: m_SizeDelta.x
      value: 240
      objectReference: {fileID: 0}
    - target: {fileID: 1407806550736918862, guid: 6eb08bfc0fd869c47b796c42ada099da,
        type: 3}
      propertyPath: m_SizeDelta.y
      value: 240
      objectReference: {fileID: 0}
    - target: {fileID: 1407806550736918862, guid: 6eb08bfc0fd869c47b796c42ada099da,
        type: 3}
      propertyPath: m_LocalPosition.x
      value: 0
      objectReference: {fileID: 0}
    - target: {fileID: 1407806550736918862, guid: 6eb08bfc0fd869c47b796c42ada099da,
        type: 3}
      propertyPath: m_LocalPosition.y
      value: 0
      objectReference: {fileID: 0}
    - target: {fileID: 1407806550736918862, guid: 6eb08bfc0fd869c47b796c42ada099da,
        type: 3}
      propertyPath: m_LocalPosition.z
      value: 0
      objectReference: {fileID: 0}
    - target: {fileID: 1407806550736918862, guid: 6eb08bfc0fd869c47b796c42ada099da,
        type: 3}
      propertyPath: m_LocalRotation.w
      value: 1
      objectReference: {fileID: 0}
    - target: {fileID: 1407806550736918862, guid: 6eb08bfc0fd869c47b796c42ada099da,
        type: 3}
      propertyPath: m_LocalRotation.x
      value: 0
      objectReference: {fileID: 0}
    - target: {fileID: 1407806550736918862, guid: 6eb08bfc0fd869c47b796c42ada099da,
        type: 3}
      propertyPath: m_LocalRotation.y
      value: 0
      objectReference: {fileID: 0}
    - target: {fileID: 1407806550736918862, guid: 6eb08bfc0fd869c47b796c42ada099da,
        type: 3}
      propertyPath: m_LocalRotation.z
      value: 0
      objectReference: {fileID: 0}
    - target: {fileID: 1407806550736918862, guid: 6eb08bfc0fd869c47b796c42ada099da,
        type: 3}
      propertyPath: m_AnchoredPosition.x
      value: -171
      objectReference: {fileID: 0}
    - target: {fileID: 1407806550736918862, guid: 6eb08bfc0fd869c47b796c42ada099da,
        type: 3}
      propertyPath: m_AnchoredPosition.y
      value: 162
      objectReference: {fileID: 0}
    - target: {fileID: 1407806550736918862, guid: 6eb08bfc0fd869c47b796c42ada099da,
        type: 3}
      propertyPath: m_LocalEulerAnglesHint.x
      value: 0
      objectReference: {fileID: 0}
    - target: {fileID: 1407806550736918862, guid: 6eb08bfc0fd869c47b796c42ada099da,
        type: 3}
      propertyPath: m_LocalEulerAnglesHint.y
      value: 0
      objectReference: {fileID: 0}
    - target: {fileID: 1407806550736918862, guid: 6eb08bfc0fd869c47b796c42ada099da,
        type: 3}
      propertyPath: m_LocalEulerAnglesHint.z
      value: 0
      objectReference: {fileID: 0}
    - target: {fileID: 1423390416140222447, guid: 6eb08bfc0fd869c47b796c42ada099da,
        type: 3}
      propertyPath: m_Name
      value: UI_Virtual_Joystick_Look
      objectReference: {fileID: 0}
    - target: {fileID: 2976711156707159110, guid: 6eb08bfc0fd869c47b796c42ada099da,
        type: 3}
      propertyPath: m_Sprite
      value: 
      objectReference: {fileID: 21300000, guid: 0c4e034aebd9d40038153313c95f245b,
        type: 3}
    - target: {fileID: 3199668076469712369, guid: 6eb08bfc0fd869c47b796c42ada099da,
        type: 3}
      propertyPath: m_Sprite
      value: 
      objectReference: {fileID: 21300000, guid: c63f6bd29cbfd4a97966b21fb24c2ceb,
        type: 3}
    - target: {fileID: 3199668076469712371, guid: 6eb08bfc0fd869c47b796c42ada099da,
        type: 3}
      propertyPath: m_IsActive
      value: 1
      objectReference: {fileID: 0}
    m_RemovedComponents: []
  m_SourcePrefab: {fileID: 100100000, guid: 6eb08bfc0fd869c47b796c42ada099da, type: 3}
--- !u!224 &7047915265205668846 stripped
RectTransform:
  m_CorrespondingSourceObject: {fileID: 1407806550736918862, guid: 6eb08bfc0fd869c47b796c42ada099da,
    type: 3}
  m_PrefabInstance: {fileID: 8234463645678391968}
  m_PrefabAsset: {fileID: 0}
